<?xml version="1.0" encoding="UTF-8"?><collection xmlns="http://www.loc.gov/MARC21/slim"><record><leader>00406nam--2200145-i-4500</leader><controlfield tag="001">000008295</controlfield><controlfield tag="002">20161230</controlfield><controlfield tag="005">20170208000354</controlfield><controlfield tag="008">060222s1000------------r-----000-0-eng-d</controlfield><datafield ind1=" " ind2=" " tag="245"><subfield code="a">Dictionarul limbii romane moderne</subfield></datafield><datafield ind1=" " ind2=" " tag="260"><subfield code="a">Bucuresti</subfield><subfield code="b">Ed.Academiei Rpr</subfield><subfield code="c">1958</subfield></datafield><datafield ind1=" " ind2=" " tag="300"><subfield code="a">961 p</subfield></datafield><datafield ind1=" " ind2=" " tag="490"><subfield code="a">Acad.Rpr, Inst.De Lingvistica Din Bucuresti</subfield></datafield><datafield ind1=" " ind2=" " tag="852"><subfield code="a">801.323.1=590:805.90</subfield></datafield><datafield ind1=" " ind2=" " tag="CAT"><subfield code="a">SYS</subfield><subfield code="c">20170208</subfield><subfield code="h">000354</subfield></datafield></record></collection>